<record><leader>00000cas a22000007a 4500</leader><controlfield tag="001">15277136</controlfield><controlfield tag="008">870306d18961919msuwr ne      0    0eng d</controlfield><datafield ind1=" " ind2=" " tag="010"><subfield code="a">sn 87065202 </subfield></datafield><datafield ind1=" " ind2=" " tag="040"><subfield code="a">MJA</subfield><subfield code="b">eng</subfield><subfield code="c">MJA</subfield><subfield code="d">MSJ</subfield><subfield code="d">OCLCQ</subfield><subfield code="d">CRL</subfield><subfield code="d">OCLCF</subfield></datafield><datafield ind1=" " ind2=" " tag="042"><subfield code="a">msc</subfield></datafield><datafield ind1=" " ind2=" " tag="043"><subfield code="a">n-us-ms</subfield></datafield><datafield ind1="0" ind2=" " tag="130"><subfield code="a">South (Holly Springs, Miss.)</subfield></datafield><datafield ind1="1" ind2="4" tag="245"><subfield code="a">The South.</subfield></datafield><datafield ind1=" " ind2=" " tag="260"><subfield code="a">Holly Springs, Miss. :</subfield><subfield code="b">Mrs. Ella M. Hall,</subfield><subfield code="c">1896-1919.</subfield></datafield><datafield ind1=" " ind2=" " tag="310"><subfield code="a">Weekly</subfield></datafield><datafield ind1="0" ind2=" " tag="362"><subfield code="a">Vol. 28, no. 16 (Feb. 6, 1896)-v. 52, no. 12 (Dec. 19, 1919).</subfield></datafield><datafield ind1=" " ind2=" " tag="580"><subfield code="a">Merged with: Holly Springs reporter (Holly Springs, Miss. : 1893), to form: South-reporter.</subfield></datafield><datafield ind1=" " ind2="0" tag="651"><subfield code="a">Holly Springs (Miss.)</subfield><subfield code="v">Newspapers.</subfield></datafield><datafield ind1=" " ind2="7" tag="655"><subfield code="a">Newspapers.</subfield><subfield code="2">fast</subfield><subfield code="0">(OCoLC)fst01423814</subfield></datafield><datafield ind1=" " ind2="7" tag="651"><subfield code="a">Mississippi</subfield><subfield code="z">Holly Springs.</subfield><subfield code="2">fast</subfield><subfield code="0">(OCoLC)fst01219889</subfield></datafield><datafield ind1=" " ind2=" " tag="752"><subfield code="a">United States</subfield><subfield code="b">Mississippi</subfield><subfield code="c">Marshall</subfield><subfield code="d">Holly Springs.</subfield></datafield><datafield ind1="0" ind2="0" tag="780"><subfield code="t">Holly Springs south</subfield><subfield code="w">(DLC)sn 87065198</subfield><subfield code="w">(OCoLC)15276998</subfield></datafield><datafield ind1="0" ind2="7" tag="785"><subfield code="t">Holly Springs reporter (Holly Springs, Miss. : 1893)</subfield><subfield code="w">(DLC)sn 87065197</subfield><subfield code="w">(OCoLC)15277589</subfield></datafield><datafield ind1="0" ind2="7" tag="785"><subfield code="t">South-reporter</subfield><subfield code="w">(DLC)sn 87065203</subfield><subfield code="w">(OCoLC)15277687</subfield></datafield></record>